<?xml version="1.0" encoding="UTF-8"?><collection xmlns="http://www.loc.gov/MARC21/slim"><record><leader>00420nam--2200133-i-4500</leader><controlfield tag="001">000034610</controlfield><controlfield tag="002">20161230</controlfield><controlfield tag="005">20161230201040</controlfield><controlfield tag="008">060222s1000------------r-----000-0-eng-d</controlfield><datafield ind1=" " ind2=" " tag="080"><subfield code="a">577.2:577.38</subfield></datafield><datafield ind1=" " ind2=" " tag="100"><subfield code="a">Nicolis, G., Prigogine, I</subfield></datafield><datafield ind1=" " ind2=" " tag="245"><subfield code="a">Self-organization in nonequilibrium systems.from dissipative structures to order through fluctuations</subfield></datafield><datafield ind1=" " ind2=" " tag="260"><subfield code="a">New York, John Wiley &amp; Sons, 1977. Xii+491p</subfield></datafield><datafield ind1=" " ind2=" " tag="852"><subfield code="a">47913</subfield></datafield></record></collection>